@InProceedings{CzaplickiC13,
  author =   {Evan Czaplicki and Stephen Chong},
  title =    {Asynchronous Functional Reactive Programming for {GUI}s},
  booktitle =    {Proceedings of the 34th ACM SIGPLAN Conference on Programming Language Design and Implementation},
  year =     2013,
  month =    jun,
  pages =        {411--422},
  publisher =    {ACM Press},
  address =      {New York, NY, USA}
}

@misc{elm-thesis,
author = {Evan Czaplicki},
title = {Elm: Concurrent Functional Reactive Programming for {GUI}s},
howpublished = {Harvard University Senior Thesis},
year = {2012},
}
